@online{Godot,
    title = "Godot Docs",
    url  = "https://docs.godotengine.org/en/stable/",
    addendum = "(accessed: 20.10.2023)"
}

@online{Helix,
    title = "Helix Core Installation",
    url  = "https://help.perforce.com/helix-core/quickstart/Content/quickstart/admin-install-linux.html",
    addendum = "(accessed: 20.10.2023)"
}

@online{Wiki,
    title = "Version_control",
    url = "https://en.wikipedia.org/wiki/Version_control",
    addendum = "(accessed: 20.10.2023)"
}

@online{Atlassian,
    title = "What is version control",
    url = "https://www.atlassian.com/git/tutorials/what-is-version-control",
    addendum = "(accessed: 20.10.2023)"
}

@online{Atlassian#2,
    title = "What is version control: centralized vs. DVCS",
    url = "https://www.atlassian.com/blog/software-teams/version-control-centralized-dvcs",
    addendum = "(accessed: 20.10.2023)"
}

%@online{hegyhati,
%    author = "Mate Hegyhati",
%    title = "Introduction into the modeling and optimization of linear systems",
%    url  = "https://hegyhati.github.io/IMOLS/",
%    addendum = "(accessed: 01.09.2023)"
%}
